[gd_scene load_steps=7 format=1]

[sub_resource type="RectangleShape2D" id=1]

custom_solver_bias = 0.0
extents = Vector2( 10, 300 )

[sub_resource type="RectangleShape2D" id=2]

custom_solver_bias = 0.0
extents = Vector2( 10, 300 )

[sub_resource type="RectangleShape2D" id=3]

custom_solver_bias = 0.0
extents = Vector2( 532, 16 )

[sub_resource type="RectangleShape2D" id=4]

custom_solver_bias = 0.0
extents = Vector2( 532, 10 )

[sub_resource type="RectangleShape2D" id=5]

custom_solver_bias = 0.0
extents = Vector2( 10, 310 )

[sub_resource type="RectangleShape2D" id=6]

custom_solver_bias = 0.0
extents = Vector2( 10, 310 )

[node name="game_boundaries" type="Node"]

[node name="game_boundaries" type="StaticBody2D" parent="."]

input/pickable = false
shapes/0/shape = SubResource( 1 )
shapes/0/transform = Matrix32( 1, 0, 0, 1, -10, 300 )
shapes/0/trigger = false
shapes/1/shape = SubResource( 2 )
shapes/1/transform = Matrix32( 1, 0, 0, 1, 1034, 300 )
shapes/1/trigger = false
shapes/2/shape = SubResource( 3 )
shapes/2/transform = Matrix32( 1, 0, 0, 1, 512, 16 )
shapes/2/trigger = false
collision/layers = 1
collision/mask = 1
constant_linear_velocity = Vector2( 0, 0 )
constant_angular_velocity = 0.0
friction = 0.0
bounce = 1.0

[node name="left" type="CollisionShape2D" parent="game_boundaries"]

transform/pos = Vector2( -10, 300 )
shape = SubResource( 1 )
trigger = false
_update_shape_index = 0

[node name="right" type="CollisionShape2D" parent="game_boundaries"]

transform/pos = Vector2( 1034, 300 )
shape = SubResource( 2 )
trigger = false
_update_shape_index = 1

[node name="top" type="CollisionShape2D" parent="game_boundaries"]

transform/pos = Vector2( 512, 16 )
shape = SubResource( 3 )
trigger = false
_update_shape_index = 2

[node name="game_over_trigger" type="StaticBody2D" parent="." groups=[
"gameover",
]]

input/pickable = false
shapes/0/shape = SubResource( 4 )
shapes/0/transform = Matrix32( 1, 0, 0, 1, 512, 610 )
shapes/0/trigger = false
shapes/1/shape = SubResource( 5 )
shapes/1/transform = Matrix32( 1, 0, 0, 1, -30, 310 )
shapes/1/trigger = false
shapes/2/shape = SubResource( 6 )
shapes/2/transform = Matrix32( 1, 0, 0, 1, 1054, 310 )
shapes/2/trigger = false
collision/layers = 1
collision/mask = 1
constant_linear_velocity = Vector2( 0, 0 )
constant_angular_velocity = 0.0
friction = 1.0
bounce = 0.0

[node name="shape_bottom" type="CollisionShape2D" parent="game_over_trigger"]

transform/pos = Vector2( 512, 610 )
shape = SubResource( 4 )
trigger = false
_update_shape_index = 0

[node name="shape_left" type="CollisionShape2D" parent="game_over_trigger"]

transform/pos = Vector2( -30, 310 )
shape = SubResource( 5 )
trigger = false
_update_shape_index = 1

[node name="shape_right" type="CollisionShape2D" parent="game_over_trigger"]

transform/pos = Vector2( 1054, 310 )
shape = SubResource( 6 )
trigger = false
_update_shape_index = 2


