[gd_scene load_steps=14 format=1]

[ext_resource path="res://scripts/stage_editor.gd" type="Script" id=1]
[ext_resource path="res://scenes/paddle.tscn" type="PackedScene" id=2]
[ext_resource path="res://scenes/ball.tscn" type="PackedScene" id=3]
[ext_resource path="res://scenes/background.tscn" type="PackedScene" id=4]
[ext_resource path="res://scenes/background_grid.tscn" type="PackedScene" id=5]
[ext_resource path="res://sprites/ui_topbar.png" type="Texture" id=6]
[ext_resource path="res://fonts/cave_font.ttf" type="DynamicFontData" id=7]
[ext_resource path="res://sprites/Block_b.png" type="Texture" id=8]
[ext_resource path="res://sprites/ui_gameover_background.png" type="Texture" id=9]

[sub_resource type="GDScript" id=1]

resource/name = "stage_editor_background_grid"
script/source = "extends CanvasLayer

onready var grid = get_node(\"grid\")
func _ready():
	var stage_editor = utils.get_main_node()
	stage_editor.connect(\"toggle_grid\", self, \"_on_grid_toggle\")
	
	pass

func _on_grid_toggle():
	if grid.is_hidden():
		grid.show()
	else:
		grid.hide()
	pass

func get_areas():
	return self.get_node(\"areas\")"

[sub_resource type="DynamicFont" id=2]

font/size = 32
font/use_mipmaps = false
font/use_filter = false
font/font = ExtResource( 7 )

[sub_resource type="GDScript" id=3]

resource/name = "lbl_setting_ballpaddle"
script/source = "extends Label

var ball_paddle

func _ready():
	var stage_editor = utils.get_main_node()
	ball_paddle = stage_editor.get_node(\"ball_paddle\")
	stage_editor.connect(\"ball_paddle_toggle\", self, \"_on_ball_paddle_toggle\")
	pass

func _on_ball_paddle_toggle():
	if ball_paddle.is_hidden():
		ball_paddle.show()
	else:
		ball_paddle.hide()
	pass"

[sub_resource type="GDScript" id=4]

resource/name = "spr_brick_mouse"
script/source = "extends TextureFrame

const BRICK_COLOR_BLUE   = preload(\"res://sprites/Block_b.png\")
const BRICK_COLOR_RED    = preload(\"res://sprites/Block_r.png\")
const BRICK_COLOR_GREEN  = preload(\"res://sprites/Block_g.png\")
const BRICK_COLOR_PURPLE = preload(\"res://sprites/Block_p.png\")
const BRICK_COLOR_YELLOW = preload(\"res://sprites/Block_y.png\")

const scn_brick = preload(\"res://scenes/brick.tscn\")

var areas
var stage_editor

func _ready():
	set_process(true)
	stage_editor = utils.get_main_node()
	stage_editor.connect(\"brick_cycle_next\", self, \"cycle_next\")
	stage_editor.connect(\"brick_cycle_prev\", self, \"cycle_prev\")
	stage_editor.connect(\"place_brick\", self, \"place_brick\")
	set_texture(BRICK_COLOR_BLUE)
	pass

func _process(delta):
	move_brick()
	pass

func place_brick():
	if is_processing():
		var new_brick = scn_brick.instance()
		new_brick.set_color(self.get_texture())
		new_brick.set_pos(self.get_pos())
		stage_editor.add_child(new_brick)
	pass

func move_brick():
	var mouse_pos = get_viewport().get_mouse_pos()
	if not(utils.in_between(mouse_pos.x, 32, 992) and utils.in_between(mouse_pos.y, 48, 496)): return
	mouse_pos.x -= int(mouse_pos.x + 32) % 64
	mouse_pos.y -= int(mouse_pos.y) % 16
	set_pos(mouse_pos)
	pass

func cycle_next():
	if get_texture() == BRICK_COLOR_BLUE:
		set_texture(BRICK_COLOR_RED)
	elif get_texture() == BRICK_COLOR_RED:
		set_texture(BRICK_COLOR_GREEN)
	elif get_texture() == BRICK_COLOR_GREEN:
		set_texture(BRICK_COLOR_PURPLE)
	elif get_texture() == BRICK_COLOR_PURPLE:
		set_texture(BRICK_COLOR_YELLOW)
	elif get_texture() == BRICK_COLOR_YELLOW:
		set_texture(BRICK_COLOR_BLUE)
	pass

func cycle_prev():
	if get_texture() == BRICK_COLOR_BLUE:
		set_texture(BRICK_COLOR_YELLOW)
	elif get_texture() == BRICK_COLOR_RED:
		set_texture(BRICK_COLOR_BLUE)
	elif get_texture() == BRICK_COLOR_GREEN:
		set_texture(BRICK_COLOR_RED)
	elif get_texture() == BRICK_COLOR_PURPLE:
		set_texture(BRICK_COLOR_GREEN)
	elif get_texture() == BRICK_COLOR_YELLOW:
		set_texture(BRICK_COLOR_PURPLE)
	pass
"

[node name="stage_editor" type="Node"]

script/script = ExtResource( 1 )

[node name="ball_paddle" type="Node2D" parent="."]

[node name="paddle" parent="ball_paddle" instance=ExtResource( 2 )]

editor/display_folded = true
transform/pos = Vector2( 512, 550 )

[node name="ball" parent="ball_paddle" instance=ExtResource( 3 )]

transform/pos = Vector2( 512, 533.5 )

[node name="background" parent="." instance=ExtResource( 4 )]

[node name="background_grid" parent="." instance=ExtResource( 5 )]

script/script = SubResource( 1 )

[node name="vbox_rows" parent="background_grid/grid"]

focus/stop_mouse = true

[node name="hbox_rows" parent="background_grid/grid"]

editor/display_folded = true
focus/stop_mouse = true

[node name="hud" type="CanvasLayer" parent="."]

layer = 1
offset = Vector2( 0, 0 )
rotation = 0.0
scale = Vector2( 1, 1 )

[node name="top_bar" type="CanvasLayer" parent="hud"]

layer = 1
offset = Vector2( 0, 0 )
rotation = 0.0
scale = Vector2( 1, 1 )

[node name="tex_top_bar" type="TextureFrame" parent="hud/top_bar"]

focus/ignore_mouse = true
focus/stop_mouse = true
size_flags/horizontal = 2
size_flags/vertical = 2
margin/left = 0.0
margin/top = 0.0
margin/right = 1024.0
margin/bottom = 32.0
texture = ExtResource( 6 )
expand = true
stretch_mode = 0

[node name="hbox_settings" type="HBoxContainer" parent="hud/top_bar"]

anchor/top = 3
anchor/bottom = 3
focus/ignore_mouse = false
focus/stop_mouse = false
size_flags/horizontal = 2
size_flags/vertical = 2
margin/left = 12.0
margin/top = 295.0
margin/right = 1012.0
margin/bottom = 275.0
custom_constants/separation = 15
alignment = 1

[node name="lbl_menu" type="Label" parent="hud/top_bar/hbox_settings"]

focus/ignore_mouse = true
focus/stop_mouse = true
size_flags/horizontal = 2
size_flags/vertical = 0
margin/left = 28.0
margin/top = 0.0
margin/right = 153.0
margin/bottom = 20.0
custom_fonts/font = SubResource( 2 )
text = "Menu (ESC)"
percent_visible = 1.0
lines_skipped = 0
max_lines_visible = -1

[node name="lbl_setting_ballpaddle" type="Label" parent="hud/top_bar/hbox_settings"]

focus/ignore_mouse = true
focus/stop_mouse = true
size_flags/horizontal = 2
size_flags/vertical = 0
margin/left = 168.0
margin/top = 0.0
margin/right = 417.0
margin/bottom = 20.0
custom_fonts/font = SubResource( 2 )
text = "Toggle Ball/Paddle (B)"
valign = 1
percent_visible = 1.0
lines_skipped = 0
max_lines_visible = -1
script/script = SubResource( 3 )

[node name="lbl_current_brick" type="Label" parent="hud/top_bar/hbox_settings"]

focus/ignore_mouse = true
focus/stop_mouse = true
size_flags/horizontal = 2
size_flags/vertical = 0
margin/left = 432.0
margin/top = 0.0
margin/right = 791.0
margin/bottom = 20.0
custom_fonts/font = SubResource( 2 )
text = "Brick color - Prev (C) / Next (V)"
percent_visible = 1.0
lines_skipped = 0
max_lines_visible = -1

[node name="lbl_show_grid" type="Label" parent="hud/top_bar/hbox_settings"]

focus/ignore_mouse = true
focus/stop_mouse = true
size_flags/horizontal = 2
size_flags/vertical = 0
margin/left = 806.0
margin/top = 0.0
margin/right = 972.0
margin/bottom = 20.0
custom_fonts/font = SubResource( 2 )
text = "Toggle Grid (G)"
percent_visible = 1.0
lines_skipped = 0
max_lines_visible = -1

[node name="spr_brick_mouse" type="TextureFrame" parent="hud"]

focus/ignore_mouse = true
focus/stop_mouse = true
size_flags/horizontal = 2
size_flags/vertical = 2
margin/left = 32.0
margin/top = 48.0
margin/right = 96.0
margin/bottom = 64.0
texture = ExtResource( 8 )
expand = true
stretch_mode = 0
script/script = SubResource( 4 )

[node name="esc_menu" type="CanvasLayer" parent="hud"]

layer = 1
offset = Vector2( 0, 0 )
rotation = 0.0
scale = Vector2( 1, 1 )

[node name="cntr_esc_menu" type="Container" parent="hud/esc_menu"]

visibility/visible = false
focus/ignore_mouse = true
focus/stop_mouse = true
size_flags/horizontal = 2
size_flags/vertical = 2
margin/left = 256.0
margin/top = 156.0
margin/right = 768.0
margin/bottom = 444.0

[node name="tex_esc_menu_bg" type="TextureFrame" parent="hud/esc_menu/cntr_esc_menu"]

focus/ignore_mouse = true
focus/stop_mouse = true
size_flags/horizontal = 2
size_flags/vertical = 2
margin/left = 0.0
margin/top = 0.0
margin/right = 512.0
margin/bottom = 288.0
texture = ExtResource( 9 )
stretch_mode = 0

[node name="btn_save" type="Button" parent="hud/esc_menu/cntr_esc_menu"]

focus/ignore_mouse = false
focus/stop_mouse = true
size_flags/horizontal = 2
size_flags/vertical = 2
margin/left = 202.0
margin/top = 211.0
margin/right = 309.0
margin/bottom = 231.0
toggle_mode = false
enabled_focus_mode = 2
shortcut = null
text = "save"
flat = false

[node name="btn_menu" type="Button" parent="hud/esc_menu/cntr_esc_menu"]

focus/ignore_mouse = false
focus/stop_mouse = true
size_flags/horizontal = 2
size_flags/vertical = 2
margin/left = 202.0
margin/top = 252.0
margin/right = 311.0
margin/bottom = 272.0
toggle_mode = false
enabled_focus_mode = 2
shortcut = null
text = "return to menu"
flat = false


[editable path="background_grid"]
